<record><leader>00000cas a22000007a 4500</leader><controlfield tag="001">9880312</controlfield><controlfield tag="008">830906d18381914nyuwr ne      0    0eng d</controlfield><datafield ind1=" " ind2=" " tag="010"><subfield code="a">sn 83031464 </subfield></datafield><datafield ind1=" " ind2=" " tag="040"><subfield code="a">NPU</subfield><subfield code="b">eng</subfield><subfield code="c">NPU</subfield><subfield code="d">NPX</subfield><subfield code="d">NPT</subfield><subfield code="d">NYS</subfield><subfield code="d">OCL</subfield><subfield code="d">OCLCQ</subfield><subfield code="d">OCLCF</subfield><subfield code="d">OCLCO</subfield></datafield><datafield ind1="1" ind2=" " tag="029"><subfield code="a">AU@</subfield><subfield code="b">000025831980</subfield></datafield><datafield ind1=" " ind2=" " tag="042"><subfield code="a">msc</subfield></datafield><datafield ind1=" " ind2=" " tag="043"><subfield code="a">n-us-ny</subfield></datafield><datafield ind1="0" ind2=" " tag="130"><subfield code="a">Oxford times (Oxford, N.Y.)</subfield></datafield><datafield ind1="1" ind2="0" tag="245"><subfield code="a">Oxford times.</subfield></datafield><datafield ind1=" " ind2=" " tag="260"><subfield code="a">Oxford, N.Y. :</subfield><subfield code="b">Waldo M. Potter</subfield></datafield><datafield ind1=" " ind2=" " tag="300"><subfield code="a">v. :</subfield><subfield code="b">ill. ;</subfield><subfield code="c">57-61 cm.</subfield></datafield><datafield ind1=" " ind2=" " tag="310"><subfield code="a">Weekly</subfield></datafield><datafield ind1="1" ind2=" " tag="362"><subfield code="a">Began in Oct. 1838.</subfield><subfield code="z">Cf. Faibisoff, S.G. Bibl. of newspapers in 14 N.Y. counties.</subfield></datafield><datafield ind1="0" ind2=" " tag="362"><subfield code="a">-v. 77, no. 26 (Dec. 30, 1914).</subfield></datafield><datafield ind1=" " ind2=" " tag="500"><subfield code="a">Publishers: Edward H. Purdy, &lt;1841&gt;; E.H. Purdy &amp; C.D. Brigham, 1841-&lt;1842&gt;; Waldo M. Potter, &lt;1844&gt;-1845; Potter &amp; Galpin, 1845-&lt;1847&gt;, Judson B. Galpin, &lt;1849-1893&gt;; Jared C. Esterlow, &lt;1914&gt;.</subfield></datafield><datafield ind1=" " ind2=" " tag="500"><subfield code="a">"Republican," &lt;1876&gt;.</subfield></datafield><datafield ind1=" " ind2=" " tag="588"><subfield code="a">Description based on: Vol. 3, no. 39 (June 30, 1841).</subfield></datafield><datafield ind1=" " ind2="0" tag="651"><subfield code="a">Oxford (Chenango County, N.Y.)</subfield><subfield code="v">Newspapers.</subfield></datafield><datafield ind1=" " ind2="7" tag="655"><subfield code="a">Newspapers.</subfield><subfield code="2">fast</subfield><subfield code="0">(OCoLC)fst01423814</subfield></datafield><datafield ind1=" " ind2="7" tag="651"><subfield code="a">New York (State)</subfield><subfield code="z">Oxford (Chenango County)</subfield><subfield code="2">fast</subfield><subfield code="0">(OCoLC)fst01313592</subfield></datafield><datafield ind1=" " ind2=" " tag="752"><subfield code="a">United States</subfield><subfield code="b">New York</subfield><subfield code="c">Chenango</subfield><subfield code="d">Oxford.</subfield></datafield><datafield ind1="0" ind2="5" tag="780"><subfield code="t">Oxford press</subfield><subfield code="g">1906</subfield><subfield code="w">(DLC)sn 91066749</subfield></datafield><datafield ind1="0" ind2="7" tag="785"><subfield code="t">Oxford review (Oxford, N.Y.)</subfield><subfield code="w">(DLC)sn 86063476</subfield></datafield><datafield ind1="0" ind2="7" tag="785"><subfield code="t">Oxford review-times</subfield><subfield code="w">(DLC)sn 86063477</subfield></datafield></record>